@Article{apcluster2011,
title = {{APCluster}: an R package for affinity propagation clustering},
  author = {Ulrich Bodenhofer and Andreas Kothmeier and Sepp Hochreiter},
  journal = {Bioinformatics},
  year = {2011},
  volume = {27},
  pages = {2463--2464},
  doi = {10.1093/bioinformatics/btr406},
}

@Article{apcluster2007,
  title = {Clustering by passing messages between data points},
  author = {Brendan J. Frey and Delbert Dueck},
  journal = {Science},
  volume = {315},
  pages = {972--977},
  year = {2007},
  doi = {10.1126/science.1136800},
}
@Article{blme,
  title = {A nondegenerate penalized likelihood estimator for variance parameters in multilevel models},
  author = {Yeojin Chung and Sophia Rabe-Hesketh and Vincent Dorie and Andrew Gelman and Jingchen Liu},
  year = {2013},
  journal = {Psychometrika},
  volume = {78},
  number = {4},
  pages = {685--709},
  publisher = {Springer},
  doi = {10.1007/s11336-013-9328-2},
}
@Manual{bookdown2023,
title = {{bookdown}: Authoring Books and Technical Documents with R Markdown},
  author = {Yihui Xie},
  year = {2023},
  note = {R package version 0.34},
  url = {https://github.com/rstudio/bookdown},
}

@Book{bookdown2016,
title = {{bookdown}: Authoring Books and Technical Documents with {R} Markdown},
  author = {Yihui Xie},
  publisher = {Chapman and Hall/CRC},
  address = {Boca Raton, Florida},
  year = {2016},
  isbn = {978-1138700109},
  url = {https://bookdown.org/yihui/bookdown},
}
@Manual{boot2022,
title = {{boot}: Bootstrap R (S-Plus) Functions},
  author = {Angelo Canty and B. D. Ripley},
  year = {2022},
  note = {R package version 1.3-28.1},
}

@Book{boot1997,
  title = {Bootstrap Methods and Their Applications},
  author = {A. C. Davison and D. V. Hinkley},
  publisher = {Cambridge University Press},
  address = {Cambridge},
  year = {1997},
  note = {ISBN 0-521-57391-2},
  url = {http://statwww.epfl.ch/davison/BMA/},
}
@Article{caret,
  title = {Building Predictive Models in R Using the caret Package},
  volume = {28},
  url = {https://www.jstatsoft.org/index.php/jss/article/view/v028i05},
  doi = {10.18637/jss.v028.i05},
  number = {5},
  journal = {Journal of Statistical Software},
  author = {{Kuhn} and {Max}},
  year = {2008},
  pages = {1–26},
}
@Manual{cluster,
title = {{cluster}: Cluster Analysis Basics and Extensions},
  author = {Martin Maechler and Peter Rousseeuw and Anja Struyf and Mia Hubert and Kurt Hornik},
  year = {2022},
  url = {https://CRAN.R-project.org/package=cluster},
  note = {R package version 2.1.4 --- For new features, see the 'Changelog' file (in the package source)},
}
@Manual{corrplot2021,
  title = {R package `{corrplot}': Visualization of a Correlation Matrix},
  author = {Taiyun Wei and Viliam Simko},
  year = {2021},
  note = {(Version 0.92)},
  url = {https://github.com/taiyun/corrplot},
}
@Manual{datatable,
title = {{data.table}: Extension of `{data.frame}'},
  author = {Matt Dowle and Arun Srinivasan},
  year = {2023},
  note = {R package version 1.14.8},
  url = {https://CRAN.R-project.org/package=data.table},
}
@Manual{devtools,
title = {{devtools}: Tools to Make Developing R Packages Easier},
  author = {Hadley Wickham and Jim Hester and Winston Chang and Jennifer Bryan},
  year = {2022},
  note = {R package version 2.4.5},
  url = {https://CRAN.R-project.org/package=devtools},
}
@Manual{DT,
title = {{DT}: A Wrapper of the JavaScript Library `{DataTables}'},
  author = {Yihui Xie and Joe Cheng and Xianying Tan},
  year = {2023},
  note = {R package version 0.28},
  url = {https://CRAN.R-project.org/package=DT},
}
@Manual{e1071,
  title = {e1071: Misc Functions of the Department of Statistics, Probability
Theory Group (Formerly: E1071), TU Wien},
  author = {David Meyer and Evgenia Dimitriadou and Kurt Hornik and Andreas Weingessel and Friedrich Leisch},
  year = {2023},
  note = {R package version 1.7-13},
  url = {https://CRAN.R-project.org/package=e1071},
}
@Manual{factoextra,
title = {{factoextra}: Extract and Visualize the Results of Multivariate Data Analyses},
  author = {Alboukadel Kassambara and Fabian Mundt},
  year = {2020},
  note = {R package version 1.0.7},
  url = {https://CRAN.R-project.org/package=factoextra},
}
@Article{fossil,
title = {{fossil}: palaeoecological and palaeogeographical analysis tools},
  author = {Matthew J. Vavrek},
  year = {2011},
  journal = {Palaeontologia Electronica},
  volume = {14},
  pages = {1T},
  number = {1},
  note = {R package version 0.4.0},
}
@Manual{gbm,
title = {{gbm}: Generalized Boosted Regression Models},
  author = {Brandon Greenwell and Bradley Boehmke and Jay Cunningham and GBM Developers},
  year = {2022},
  note = {R package version 2.1.8.1},
  url = {https://CRAN.R-project.org/package=gbm},
}
@Manual{GGally,
title = {{GGally}: Extension to `{ggplot2}'},
  author = {Barret Schloerke and Di Cook and Joseph Larmarange and Francois Briatte and Moritz Marbach and Edwin Thoen and Amos Elberg and Jason Crowley},
  year = {2021},
  note = {R package version 2.1.2},
  url = {https://CRAN.R-project.org/package=GGally},
}
@Manual{ggpubr,
title = {{ggpubr}: `{ggplot2}' Based Publication Ready Plots},
  author = {Alboukadel Kassambara},
  year = {2023},
  note = {R package version 0.6.0},
  url = {https://CRAN.R-project.org/package=ggpubr},
}
@Manual{ggsci,
title = {{ggsci}: Scientific Journal and Sci-Fi Themed Color Palettes for
`{ggplot2}'},
  author = {Nan Xiao},
  year = {2023},
  note = {R package version 3.0.0},
  url = {https://CRAN.R-project.org/package=ggsci},
}
@Article{glmnet2010,
  title = {Regularization Paths for Generalized Linear Models via Coordinate Descent},
  author = {Jerome Friedman and Robert Tibshirani and Trevor Hastie},
  journal = {Journal of Statistical Software},
  year = {2010},
  volume = {33},
  number = {1},
  pages = {1--22},
  doi = {10.18637/jss.v033.i01},
}

@Article{glmnet2011,
  title = {Regularization Paths for Cox's Proportional Hazards Model via Coordinate Descent},
  author = {Noah Simon and Jerome Friedman and Robert Tibshirani and Trevor Hastie},
  journal = {Journal of Statistical Software},
  year = {2011},
  volume = {39},
  number = {5},
  pages = {1--13},
  doi = {10.18637/jss.v039.i05},
}

@Article{glmnet2023,
  title = {Elastic Net Regularization Paths for All Generalized Linear Models},
  author = {J. Kenneth Tay and Balasubramanian Narasimhan and Trevor Hastie},
  journal = {Journal of Statistical Software},
  year = {2023},
  volume = {106},
  number = {1},
  pages = {1--31},
  doi = {10.18637/jss.v106.i01},
}
@Article{glmnet2010,
  title = {Regularization Paths for Generalized Linear Models via Coordinate Descent},
  author = {Jerome Friedman and Robert Tibshirani and Trevor Hastie},
  journal = {Journal of Statistical Software},
  year = {2010},
  volume = {33},
  number = {1},
  pages = {1--22},
  doi = {10.18637/jss.v033.i01},
}

@Article{glmnet2011,
  title = {Regularization Paths for Cox's Proportional Hazards Model via Coordinate Descent},
  author = {Noah Simon and Jerome Friedman and Robert Tibshirani and Trevor Hastie},
  journal = {Journal of Statistical Software},
  year = {2011},
  volume = {39},
  number = {5},
  pages = {1--13},
  doi = {10.18637/jss.v039.i05},
}

@Article{glmnet2023,
  title = {Elastic Net Regularization Paths for All Generalized Linear Models},
  author = {J. Kenneth Tay and Balasubramanian Narasimhan and Trevor Hastie},
  journal = {Journal of Statistical Software},
  year = {2023},
  volume = {106},
  number = {1},
  pages = {1--31},
  doi = {10.18637/jss.v106.i01},
}
@Manual{grateful,
title = {{grateful}: Facilitate citation of R packages},
  author = {{Francisco Rodriguez-Sanchez} and {Connor P. Jackson}},
  year = {2023},
  url = {https://pakillo.github.io/grateful/},
}
@Manual{gridExtra,
title = {{gridExtra}: Miscellaneous Functions for ``{Grid}'' Graphics},
  author = {Baptiste Auguie},
  year = {2017},
  note = {R package version 2.3},
  url = {https://CRAN.R-project.org/package=gridExtra},
}
@Manual{here,
title = {{here}: A Simpler Way to Find Your Files},
  author = {Kirill Müller},
  year = {2020},
  note = {R package version 1.0.1},
  url = {https://CRAN.R-project.org/package=here},
}
@Manual{kableExtra,
title = {{kableExtra}: Construct Complex Table with `{kable}' and Pipe Syntax},
  author = {Hao Zhu},
  year = {2021},
  note = {R package version 1.3.4},
  url = {https://CRAN.R-project.org/package=kableExtra},
}
@Manual{knitr2023,
title = {{knitr}: A General-Purpose Package for Dynamic Report Generation in R},
  author = {Yihui Xie},
  year = {2023},
  note = {R package version 1.43},
  url = {https://yihui.org/knitr/},
}

@Book{knitr2015,
  title = {Dynamic Documents with {R} and knitr},
  author = {Yihui Xie},
  publisher = {Chapman and Hall/CRC},
  address = {Boca Raton, Florida},
  year = {2015},
  edition = {2nd},
  note = {ISBN 978-1498716963},
  url = {https://yihui.org/knitr/},
}

@InCollection{knitr2014,
  booktitle = {Implementing Reproducible Computational Research},
  editor = {Victoria Stodden and Friedrich Leisch and Roger D. Peng},
title = {{knitr}: A Comprehensive Tool for Reproducible Research in {R}},
  author = {Yihui Xie},
  publisher = {Chapman and Hall/CRC},
  year = {2014},
  note = {ISBN 978-1466561595},
}
@Book{lattice,
title = {{Lattice}: Multivariate Data Visualization with R},
  author = {Deepayan Sarkar},
  year = {2008},
  publisher = {Springer},
  address = {New York},
  isbn = {978-0-387-75968-5},
  url = {http://lmdvr.r-forge.r-project.org},
}
@Article{lme4,
  title = {Fitting Linear Mixed-Effects Models Using {lme4}},
  author = {Douglas Bates and Martin M{\"a}chler and Ben Bolker and Steve Walker},
  journal = {Journal of Statistical Software},
  year = {2015},
  volume = {67},
  number = {1},
  pages = {1--48},
  doi = {10.18637/jss.v067.i01},
}
@Article{lmerTest,
  title = {{lmerTest} Package: Tests in Linear Mixed Effects Models},
  author = {Alexandra Kuznetsova and Per B. Brockhoff and Rune H. B. Christensen},
  journal = {Journal of Statistical Software},
  year = {2017},
  volume = {82},
  number = {13},
  pages = {1--26},
  doi = {10.18637/jss.v082.i13},
}
@Article{ltm,
title = {{ltm}: An R package for Latent Variable Modelling and Item Response Theory Analyses},
  author = {Dimitris Rizopoulos},
  journal = {Journal of Statistical Software},
  year = {2006},
  volume = {17},
  number = {5},
  pages = {1--25},
  url = {https://doi.org/10.18637/jss.v017.i05},
}
@Manual{maptree,
title = {{maptree}: Mapping, Pruning, and Graphing Tree Models},
  author = {Denis White and Robert B. Gramacy},
  year = {2022},
  note = {R package version 1.4-8},
  url = {https://CRAN.R-project.org/package=maptree},
}
@Book{MASS,
  title = {Modern Applied Statistics with S},
  author = {W. N. Venables and B. D. Ripley},
  publisher = {Springer},
  edition = {Fourth},
  address = {New York},
  year = {2002},
  note = {ISBN 0-387-95457-0},
  url = {https://www.stats.ox.ac.uk/pub/MASS4/},
}
@Article{mgcv2011,
  title = {Fast stable restricted maximum likelihood and marginal 
likelihood estimation of semiparametric generalized linear models},
  journal = {Journal of the Royal Statistical Society (B)},
  volume = {73},
  number = {1},
  pages = {3-36},
  year = {2011},
  author = {S. N. Wood},
}

@Article{mgcv2016,
  title = {Smoothing parameter and model selection for general smooth models (with discussion)},
  author = {S.N. Wood and {N.} and {Pya} and B. S{"a}fken},
  journal = {Journal of the American Statistical Association},
  year = {2016},
  pages = {1548-1575},
  volume = {111},
}

@Article{mgcv2004,
  title = {Stable and efficient multiple smoothing parameter estimation for 
         generalized additive models},
  journal = {Journal of the American Statistical Association},
  volume = {99},
  number = {467},
  pages = {673-686},
  year = {2004},
  author = {S. N. Wood},
}

@Book{mgcv2017,
  title = {Generalized Additive Models: An Introduction with R},
  year = {2017},
  author = {S.N Wood},
  edition = {2},
  publisher = {Chapman and Hall/CRC},
}

@Article{mgcv2003,
  title = {Thin-plate regression splines},
  journal = {Journal of the Royal Statistical Society (B)},
  volume = {65},
  number = {1},
  pages = {95-114},
  year = {2003},
  author = {S. N. Wood},
}
@Article{NeuralNetTools,
  title = {{NeuralNetTools}: Visualization and Analysis Tools for Neural Networks},
  author = {Marcus W. Beck},
  journal = {Journal of Statistical Software},
  year = {2018},
  volume = {85},
  number = {11},
  pages = {1--20},
  doi = {10.18637/jss.v085.i11},
}
@Book{nnet,
  title = {Modern Applied Statistics with S},
  author = {W. N. Venables and B. D. Ripley},
  publisher = {Springer},
  edition = {Fourth},
  address = {New York},
  year = {2002},
  note = {ISBN 0-387-95457-0},
  url = {https://www.stats.ox.ac.uk/pub/MASS4/},
}
@Manual{padr,
title = {{padr}: Quickly Get Datetime Data Ready for Analysis},
  author = {Edwin Thoen},
  year = {2022},
  note = {R package version 0.6.2},
  url = {https://CRAN.R-project.org/package=padr},
}
@Book{plotly,
  author = {Carson Sievert},
  title = {Interactive Web-Based Data Visualization with R, plotly, and shiny},
  publisher = {Chapman and Hall/CRC},
  year = {2020},
  isbn = {9781138331457},
  url = {https://plotly-r.com},
}
@Manual{pracma,
title = {{pracma}: Practical Numerical Math Functions},
  author = {Hans W. Borchers},
  year = {2022},
  note = {R package version 2.4.2},
  url = {https://CRAN.R-project.org/package=pracma},
}
@Article{pROC,
title = {{pROC}: an open-source package for R and S+ to analyze and compare ROC curves},
  author = {Xavier Robin and Natacha Turck and Alexandre Hainard and Natalia Tiberti and Frédérique Lisacek and Jean-Charles Sanchez and Markus Müller},
  year = {2011},
  journal = {BMC Bioinformatics},
  volume = {12},
  pages = {77},
}
@Manual{psych,
title = {{psych}: Procedures for Psychological, Psychometric, and Personality Research},
  author = {{William Revelle}},
  organization = {Northwestern University},
  address = {Evanston, Illinois},
  year = {2023},
  note = {R package version 2.3.6},
  url = {https://CRAN.R-project.org/package=psych},
}
@Manual{pwr,
title = {{pwr}: Basic Functions for Power Analysis},
  author = {Stephane Champely},
  year = {2020},
  note = {R package version 1.3-0},
  url = {https://CRAN.R-project.org/package=pwr},
}
@Article{randomForest,
  title = {Classification and Regression by randomForest},
  author = {Andy Liaw and Matthew Wiener},
  journal = {R News},
  year = {2002},
  volume = {2},
  number = {3},
  pages = {18-22},
  url = {https://CRAN.R-project.org/doc/Rnews/},
}
@Manual{reticulate,
title = {{reticulate}: Interface to `{Python}'},
  author = {Kevin Ushey and JJ Allaire and Yuan Tang},
  year = {2023},
  note = {R package version 1.30},
  url = {https://CRAN.R-project.org/package=reticulate},
}
@Manual{rjson,
title = {{rjson}: JSON for R},
  author = {Alex Couture-Beil},
  year = {2022},
  note = {R package version 0.2.21},
  url = {https://CRAN.R-project.org/package=rjson},
}
@Manual{rmarkdown2023,
title = {{rmarkdown}: Dynamic Documents for R},
  author = {JJ Allaire and Yihui Xie and Christophe Dervieux and Jonathan McPherson and Javier Luraschi and Kevin Ushey and Aron Atkins and Hadley Wickham and Joe Cheng and Winston Chang and Richard Iannone},
  year = {2023},
  note = {R package version 2.23},
  url = {https://github.com/rstudio/rmarkdown},
}

@Book{rmarkdown2018,
  title = {R Markdown: The Definitive Guide},
  author = {Yihui Xie and J.J. Allaire and Garrett Grolemund},
  publisher = {Chapman and Hall/CRC},
  address = {Boca Raton, Florida},
  year = {2018},
  isbn = {9781138359338},
  url = {https://bookdown.org/yihui/rmarkdown},
}

@Book{rmarkdown2020,
  title = {R Markdown Cookbook},
  author = {Yihui Xie and Christophe Dervieux and Emily Riederer},
  publisher = {Chapman and Hall/CRC},
  address = {Boca Raton, Florida},
  year = {2020},
  isbn = {9780367563837},
  url = {https://bookdown.org/yihui/rmarkdown-cookbook},
}
@Article{ROCR,
  entry = {article},
title = {{ROCR}: visualizing classifier performance in R},
  author = {T. Sing and O. Sander and N. Beerenwinkel and T. Lengauer},
  year = {2005},
  journal = {Bioinformatics},
  volume = {21},
  number = {20},
  pages = {7881},
  url = {http://rocr.bioinf.mpi-sb.mpg.de},
}
@Manual{rpart,
title = {{rpart}: Recursive Partitioning and Regression Trees},
  author = {Terry Therneau and Beth Atkinson},
  year = {2022},
  note = {R package version 4.1.19},
  url = {https://CRAN.R-project.org/package=rpart},
}
@Manual{rpartplot,
title = {{rpart.plot}: Plot `{rpart}' Models: An Enhanced Version of `{plot.rpart}'},
  author = {Stephen Milborrow},
  year = {2022},
  note = {R package version 3.1.1},
  url = {https://CRAN.R-project.org/package=rpart.plot},
}
@Manual{rstatix,
title = {{rstatix}: Pipe-Friendly Framework for Basic Statistical Tests},
  author = {Alboukadel Kassambara},
  year = {2023},
  note = {R package version 0.7.2},
  url = {https://CRAN.R-project.org/package=rstatix},
}
@Article{smacof2009,
  title = {Multidimensional Scaling Using Majorization: {SMACOF} in {R}},
  author = {Jan {de Leeuw} and Patrick Mair},
  journal = {Journal of Statistical Software},
  year = {2009},
  volume = {31},
  number = {3},
  pages = {1--30},
  url = {https://doi.org/10.18637/jss.v031.i03},
}

@Article{smacof2022,
  title = {More on multidimensional scaling in {R}: smacof version 2},
  author = {Patrick Mair and Patrick J. F. Groenen and Jan {de Leeuw}},
  journal = {Journal of Statistical Software},
  year = {2022},
  volume = {102},
  number = {10},
  pages = {1--47},
  url = {https://doi.org/10.18637/jss.v102.i10},
}
@Manual{verification,
title = {{verification}: Weather Forecast Verification Utilities},
  author = {NCAR - Research Applications Laboratory},
  year = {2015},
  note = {R package version 1.42},
  url = {https://CRAN.R-project.org/package=verification},
}
@Manual{verification,
title = {{verification}: Weather Forecast Verification Utilities},
  author = {NCAR - Research Applications Laboratory},
  year = {2015},
  note = {R package version 1.42},
  url = {https://CRAN.R-project.org/package=verification},
}
@Manual{viridis,
  title = {{viridis(Lite)} - Colorblind-Friendly Color Maps for R},
  author = {{Garnier} and {Simon} and {Ross} and {Noam} and {Rudis} and {Robert} and {Camargo} and Antônio Pedro and {Sciaini} and {Marco} and {Scherer} and {Cédric}},
  year = {2023},
  note = {viridis package version 0.6.3},
  url = {https://sjmgarnier.github.io/viridis/},
  doi = {10.5281/zenodo.4679424},
}
@Manual{xgboost,
title = {{xgboost}: Extreme Gradient Boosting},
  author = {Tianqi Chen and Tong He and Michael Benesty and Vadim Khotilovich and Yuan Tang and Hyunsu Cho and Kailong Chen and Rory Mitchell and Ignacio Cano and Tianyi Zhou and Mu Li and Junyuan Xie and Min Lin and Yifeng Geng and Yutian Li and Jiaming Yuan},
  year = {2023},
  note = {R package version 1.7.5.1},
  url = {https://CRAN.R-project.org/package=xgboost},
}
@Article{tidyverse,
  title = {Welcome to the {tidyverse}},
  author = {Hadley Wickham and Mara Averick and Jennifer Bryan and Winston Chang and Lucy D'Agostino McGowan and Romain François and Garrett Grolemund and Alex Hayes and Lionel Henry and Jim Hester and Max Kuhn and Thomas Lin Pedersen and Evan Miller and Stephan Milton Bache and Kirill Müller and Jeroen Ooms and David Robinson and Dana Paige Seidel and Vitalie Spinu and Kohske Takahashi and Davis Vaughan and Claus Wilke and Kara Woo and Hiroaki Yutani},
  year = {2019},
  journal = {Journal of Open Source Software},
  volume = {4},
  number = {43},
  pages = {1686},
  doi = {10.21105/joss.01686},
}
