
@article{baron1988,
	title = {Outcome bias in decision evaluation},
	author = {Baron, Jonathan and Hershey, John C.},
	year = {1988},
	date = {1988},
	journal = {Journal of Personality and Social Psychology},
	pages = {569--579},
	volume = {54},
	number = {4},
	doi = {10.1037/0022-3514.54.4.569},
	note = {Number: 4
Place: US
Publisher: American Psychological Association}
}

@article{redelmeier2023,
	title = {The Fallacy of a Single Diagnosis},
	author = {Redelmeier, Donald A. and Shafir, Eldar},
	year = {2023},
	date = {2023},
	journal = {Medical Decision Making},
	pages = {183--190},
	volume = {43},
	number = {2},
	doi = {10.1177/0272989X221121343},
	url = {http://journals.sagepub.com/doi/10.1177/0272989X221121343},
	langid = {en}
}
